@article{INATEL:Seguidor-de-Linha,
  organization    = {Instituto Nacional de Telecomunicações},
  title           = {Seguidor de Linha},
  year            = {2021},
  url             = {https://inatel.br/robotica/categorias/seguidor-de-linha},
  urldate         = {2024-05-04},
  language        = {portuguese},
}

@article{Lei:8078:1990,
  author          = {Brasil},
  title           = {Lei Nº 8.078, de 11 de setembro de 1990},
  nota            = {Dispõe sobre a proteção do consumidor e dá outras providências},
  journal         = {Diário Oficial [da] República Federativa do Brasil},
  year            = {1990},
  date            = {1990-09-11},
  organization    = {Brasil},
  url             = {https://www.planalto.gov.br/ccivil_03/leis/l8078compilado.htm},
  urldate         = {2024-04-29},
  address         = {Brasília, DF},
  language        = {portuguese},
  shorttitle      = {Lei nº 8.078/1990}
}

@article{ANATEL:Manual-de-Orientacoes,
  organization    = {Agência Nacional de Telecomunicações},
  title           = {Manual de Orientações},
  year            = {2018},
  url             = {https://sistemas.anatel.gov.br/anexar-api/publico/anexos/download/6b6b7fbe4c10d3369afbefe22a125180},
}

@article{Lei:12651:2012,
  author          = {Brasil},
  title           = {Lei Nº 12.651, de 25 de maio de 2012},
  nota            = {Dispõe sobre a proteção da vegetação nativa; altera as Leis nºs 6.938, de 31 de agosto de 1981, 9.393, de 19 de dezembro de 1996, e 11.428, de 22 de dezembro de 2006; revoga as Leis nºs 4.771, de 15 de setembro de 1965, e 7.754, de 14 de abril de 1989, e a Medida Provisória nº 2.166-67, de 24 de agosto de 2001; e dá outras providências},
  journal         = {Diário Oficial [da] República Federativa do Brasil},
  year            = {2012},
  date            = {2012-05-25},
  organization    = {Brasil},
  url             = {https://www.planalto.gov.br/ccivil_03/_ato2011-2014/2012/lei/l12651.htm},
  urldate         = {2024-04-29},
  address         = {Brasília, DF},
  language        = {portuguese},
  shorttitle      = {Lei nº 12.651/2012}
}

@article{Lei:9279:1996,
  author          = {Brasil},
  title           = {Lei Nº 9.279, de 14 de maio de 1996},
  nota            = {Regula direitos e obrigações relativos à propriedade industrial},
  journal         = {Diário Oficial [da] República Federativa do Brasil},
  year            = {1996},
  date            = {1996-05-14},
  organization    = {Brasil},
  url             = {https://www.planalto.gov.br/ccivil_03/leis/l9279.htm},
  urldate         = {2024-04-29},
  address         = {Brasília, DF},
  language        = {portuguese},
  shorttitle      = {Lei nº 9.279/1996}
}

@article{Makedon:Dominants-and-Features-Market-Robotics,
  author          = {Vyacheslav Makedon and Olha Mykhailenko and Radostin Vazov},
  journal         = {European Journal of Management Issues},
  url             = {https://mi-dnu.dp.ua/index.php/MI/article/view/332/280},
  title           = {Dominants and Features of Growth of the Market of Robotics},
  volume          = {29},
  doi             = {10.15421/192113},
  issn            = {2523-451X},
  language        = {english},
  year            = {2021}
}

@manual{SMART-Goals:2017,
  organization = {University of California},
  title        = {SMART Goals: A How to Guide},
  year         = {2017},
  urldate      = {2024-05-04},
  url          = {https://www.ucop.edu/local-human-resources/_files/performance-appraisal/How%20to%20write%20SMART%20Goals%20v2.pdf},
}
